% Encoding: UTF-8

@Article{stoica2003chord,
  author    = {Stoica, Ion and Morris, Robert and Liben-Nowell, David and Karger, David R and Kaashoek, M Frans and Dabek, Frank and Balakrishnan, Hari},
  journal   = {IEEE/ACM Transactions on Networking (TON)},
  title     = {Chord: a scalable peer-to-peer lookup protocol for internet applications},
  year      = {2003},
  number    = {1},
  pages     = {17--32},
  volume    = {11},
  doi       = {10.1109/TNET.2002.808407},
  publisher = {IEEE Press},
}

@InProceedings{calder2011windows,
  author       = {Calder, Brad and Wang, Ju and Ogus, Aaron and Nilakantan, Niranjan and Skjolsvold, Arild and McKelvie, Sam and Xu, Yikang and Srivastav, Shashwat and Wu, Jiesheng and Simitci, Huseyin and others},
  booktitle    = {Proceedings of the Twenty-Third ACM Symposium on Operating Systems Principles},
  title        = {Windows Azure Storage: a highly available cloud storage service with strong consistency},
  year         = {2011},
  organization = {ACM},
  pages        = {143--157},
  doi          = {10.1145/2043556.2043571},
}

@InProceedings{decandia2007dynamo,
  author       = {DeCandia, Giuseppe and Hastorun, Deniz and Jampani, Madan and Kakulapati, Gunavardhan and Lakshman, Avinash and Pilchin, Alex and Sivasubramanian, Swaminathan and Vosshall, Peter and Vogels, Werner},
  booktitle    = {ACM SIGOPS operating systems review},
  title        = {Dynamo: Amazon's highly available key-value store},
  year         = {2007},
  number       = {6},
  organization = {ACM},
  pages        = {205--220},
  volume       = {41},
  doi          = {10.1145/1323293.1294281},
}

@Article{lakshman2010cassandra,
  author    = {Lakshman, Avinash and Malik, Prashant},
  journal   = {ACM SIGOPS Operating Systems Review},
  title     = {Cassandra: a decentralized structured storage system},
  year      = {2010},
  number    = {2},
  pages     = {35--40},
  volume    = {44},
  doi       = {10.1145/1773912.1773922},
  publisher = {ACM},
}

@Book{Steen2017,
  author  = {Maarten van Steen and Andrew S. Tanenbaum},
  title   = {Distributed Systems},
  year    = {2017},
  edition = {3rd},
  isbn    = {978-15-430573-8-6},
  url     = {https://www.distributed-systems.net/index.php/books/ds3/},
}

@Comment{jabref-meta: databaseType:bibtex;}
